<?xml version="1.0" encoding="UTF-8"?><collection xmlns="http://www.loc.gov/MARC21/slim"><record><leader>00331nam--2200121-i-4500</leader><controlfield tag="001">000030735</controlfield><controlfield tag="002">20161230</controlfield><controlfield tag="005">20161230201038</controlfield><controlfield tag="008">060222s1000------------r-----000-0-eng-d</controlfield><datafield ind1=" " ind2=" " tag="100"><subfield code="a">Bartee, T.C</subfield></datafield><datafield ind1=" " ind2=" " tag="260"><subfield code="a">A Survey Of Switching Circuits Theory</subfield></datafield><datafield ind1=" " ind2=" " tag="490"><subfield code="a">New York, Mcgraw-hill Book Co. Inc., 1962. Ix + 205p</subfield></datafield><datafield ind1=" " ind2=" " tag="700"><subfield code="a">Mccluskey, E.J</subfield></datafield></record></collection>